[gd_scene load_steps=3 format=2]

[ext_resource path="res://Scripts/FruitGroups.gd" type="Script" id=1]
[ext_resource path="res://Scenes/Fruits/Grape.tscn" type="PackedScene" id=2]

[node name="FruitGroup(1 - 2)" type="Node2D"]
script = ExtResource( 1 )

[node name="Grape" type="StaticBody2D" parent="." groups=[
"Fruit",
] instance=ExtResource( 2 )]
position = Vector2( 630, 90 )
scale = Vector2( 1.5, 1.5 )
collision_mask = 2

[node name="Grape2" type="StaticBody2D" parent="." groups=[
"Fruit",
] instance=ExtResource( 2 )]
position = Vector2( 810, 90 )
scale = Vector2( 1.5, 1.5 )
collision_mask = 2

[node name="Grape3" type="StaticBody2D" parent="." groups=[
"Fruit",
] instance=ExtResource( 2 )]
position = Vector2( 870, 90 )
scale = Vector2( 1.5, 1.5 )
collision_mask = 2

[node name="Grape6" type="StaticBody2D" parent="." groups=[
"Fruit",
] instance=ExtResource( 2 )]
position = Vector2( 810, 150 )
scale = Vector2( 1.5, 1.5 )
collision_mask = 2

[node name="Grape7" type="StaticBody2D" parent="." groups=[
"Fruit",
] instance=ExtResource( 2 )]
position = Vector2( 630, 150 )
scale = Vector2( 1.5, 1.5 )
collision_mask = 2

[node name="Grape8" type="StaticBody2D" parent="." groups=[
"Fruit",
] instance=ExtResource( 2 )]
position = Vector2( 570, 90 )
scale = Vector2( 1.5, 1.5 )
collision_mask = 2

[node name="Grape9" type="StaticBody2D" parent="." groups=[
"Fruit",
] instance=ExtResource( 2 )]
position = Vector2( 570, 1110 )
scale = Vector2( 1.5, 1.5 )
collision_mask = 2

[node name="Grape10" type="StaticBody2D" parent="." groups=[
"Fruit",
] instance=ExtResource( 2 )]
position = Vector2( 630, 1050 )
scale = Vector2( 1.5, 1.5 )
collision_mask = 2

[node name="Grape11" type="StaticBody2D" parent="." groups=[
"Fruit",
] instance=ExtResource( 2 )]
position = Vector2( 810, 1050 )
scale = Vector2( 1.5, 1.5 )
collision_mask = 2

[node name="Grape12" type="StaticBody2D" parent="." groups=[
"Fruit",
] instance=ExtResource( 2 )]
position = Vector2( 870, 1110 )
scale = Vector2( 1.5, 1.5 )
collision_mask = 2

[node name="Grape4" type="StaticBody2D" parent="." groups=[
"Fruit",
] instance=ExtResource( 2 )]
position = Vector2( 810, 1110 )
scale = Vector2( 1.5, 1.5 )
collision_mask = 2

[node name="Grape5" type="StaticBody2D" parent="." groups=[
"Fruit",
] instance=ExtResource( 2 )]
position = Vector2( 630, 1110 )
scale = Vector2( 1.5, 1.5 )
collision_mask = 2

